@article{pentium,
  author={Alpert, D. and Avnon, D.},
  journal={IEEE Micro},
  title={{Architecture of the Pentium microprocessor}},
  year={1993},
  volume={13},
  number={3},
  pages={11-21},
  doi={10.1109/40.216745}}

@techreport{armneon,
  title={{NEON Programmer's Guide}},
  author={{ARM}},
  number={{DEN0018A ID071613}},
  year={2013},
  month={}
  }

@techreport{intelisa,
  title={{Intel Architecture Instruction Set Extensions and Future Features}},
  author={{Intel Corporation}},
  number={{319433-046}},
  year={2022},
  month={September}
  }

@article{armsve,
  author={Stephens, Nigel and Biles, Stuart and Boettcher, Matthias and Eapen, Jacob and Eyole, Mbou and Gabrielli, Giacomo and Horsnell, Matt and Magklis, Grigorios and Martinez, Alejandro and Premillieu, Nathanael and Reid, Alastair and Rico, Alejandro and Walker, Paul},
  journal={IEEE Micro},
  title={{The ARM Scalable Vector Extension}},
  year={2017},
  volume={37},
  number={2},
  pages={26-39},
  doi={10.1109/MM.2017.35}}

@article{mmx,
  author={Peleg, A. and Weiser, U.},
  journal={IEEE Micro},
  title={{MMX technology extension to the Intel architecture}},
  year={1996},
  volume={16},
  number={4},
  pages={42-50},
  doi={10.1109/40.526924}}

@Manual{R,
    title = {R: A Language and Environment for Statistical Computing},
    author = {{R Core Team}},
    organization = {R Foundation for Statistical Computing},
    address = {Vienna, Austria},
    year = {2023},
    url = {https://www.R-project.org/},
  }

@Manual{Rinternals,
    title = {R Internals v4.2.2},
    author = {{R Core Team}},
    organization = {R Foundation for Statistical Computing},
    address = {Vienna, Austria},
    year = {2022},
    url = {https://www.R-project.org/},
  }

@article{sutter2005free,
  title={The free lunch is over: A fundamental turn toward concurrency in software},
  author={Herb Sutter},
  journal={Dr. Dobb's Journal},
  volume={30},
  number={3},
  pages={202--210},
  year={2005}
}

@Manual{remotes,
    title = {remotes: R Package Installation from Remote Repositories, Including
'GitHub'},
    author = {Gábor Csárdi and Jim Hester and Hadley Wickham and Winston Chang and Martin Morgan and Dan Tenenbaum},
    year = {2021},
    note = {R package version 2.4.2},
    url = {https://CRAN.R-project.org/package=remotes},
  }

@Book{C18,
  author =       "{ISO}",
  title =        "{ISO\slash IEC 9899:2018 Information technology ---
                 Programming languages --- C}",
  publisher =    "{BSI}",
  address =      pub-ISO:adr,
  edition =      "Fourth",
  pages =        "520",
  month =        "June",
  year =         "2018",
  ISBN =         "978 0 580 51545 3",
  URL =          "https://www.iso.org/standard/74528.html",
  remark =       "Revises ISO/IEC 9899:2011.",
}

@article{impute2,
  title={A flexible and accurate genotype imputation method for the next generation of genome-wide association studies},
  author={Howie, Bryan N and Donnelly, Peter and Marchini, Jonathan},
  journal={PLoS genetics},
  volume={5},
  number={6},
  year={2009},
  doi={10.1371/journal.pgen.1000529}
}

@article{shapeit,
  title={A linear complexity phasing method for thousands of genomes},
  author={Delaneau, Olivier and Marchini, Jonathan and Zagury, Jean-Fran{\c{c}}ois},
  journal={Nature methods},
  volume={9},
  number={2},
  pages={179--181},
  year={2012},
  doi={10.1038/nmeth.1785}
}

@online{hdf5,
    author = {{The HDF Group}},
    title = "{Hierarchical Data Format, version 5}",
    year = {1997-2022},
    url = {https://www.hdfgroup.org/HDF5/}
}

@Manual{hdf5r,
    title = {hdf5r: Interface to the 'HDF5' Binary Data Format},
    author = {Holger Hoefling and Mario Annau},
    year = {2022},
    note = {R package version 1.3.7},
    url = {https://CRAN.R-project.org/package=hdf5r},
  }

@Manual{rhdf5,
    title = {rhdf5: R Interface to HDF5},
    author = {Bernd Fischer and Mike Smith and Gregoire Pau},
    year = {2022},
    note = {R package version 2.42.0},
    url = {https://github.com/grimbough/rhdf5},
  }

@article{bioc,
  title = {Bioconductor: open software development for computational biology and bioinformatics},
  author = {Robert C Gentleman and Vincent J Carey and Douglas M Bates and Ben Bolstad and Marcel Dettling and Sandrine Dudoit and Byron Ellis and Laurent Gautier and Yongchao Ge and Jeff Gentry and Kurt Hornik and Torsten Hothorn and Wolfgang Huber and Stefano Iacus and Rafael Irizarry and Friedrich Leisch and Cheng Li and Martin Maechler and Anthony J Rossini and Gunther Sawitzki and Colin Smith and Gordon Smyth and Luke Tierney and Jean YH Yang and Jianhua Zhang},
  doi={10.1186/gb-2004-5-10-r80},
  year={2004},
  journal={Genome Biology},
  volume={5},
  number={10},
  pages={R80}

  }

@article{speidel,
  title = {A method for genome-wide genealogy estimation for thousands of samples},
  author = {Leo Speidel and Marie Forest and Sinan Shi and Simon R. Myers},
  doi={10.1038/s41588-019-0484-x},
  year={2019},
  journal={Nature Genetics},
  volume={51},
  number={},
  pages={1321--1329}

  }

@article {Li2213,
	author = {Li, Na and Stephens, Matthew},
	title = {Modeling Linkage Disequilibrium and Identifying Recombination Hotspots Using Single-Nucleotide Polymorphism Data},
	volume = {165},
	number = {4},
	pages = {2213--2233},
	year = {2003},
	publisher = {Genetics},
	issn = {0016-6731},
	URL = {http://www.genetics.org/content/165/4/2213},
	eprint = {http://www.genetics.org/content/165/4/2213.full.pdf},
	journal = {Genetics}
}

@article {Song1005,
	author = {Song, Yun S.},
	title = {{Na Li and Matthew Stephens on Modeling Linkage Disequilibrium}},
	volume = {203},
	number = {3},
	pages = {1005--1006},
	year = {2016},
	doi = {10.1534/genetics.116.191817},
	publisher = {Genetics},
	issn = {0016-6731},
	URL = {http://www.genetics.org/content/203/3/1005},
	eprint = {http://www.genetics.org/content/203/3/1005.full.pdf},
	journal = {Genetics}
}

@article{lawson2012inference,
  title={Inference of population structure using dense haplotype data},
  author={Lawson, Daniel John and Hellenthal, Garrett and Myers, Simon and Falush, Daniel},
  journal={PLoS genetics},
  volume={8},
  number={1},
  pages={e1002453},
  year={2012},
  publisher={Public Library of Science}
}

@article{rabiner1989tutorial,
  title={{A tutorial on hidden Markov models and selected applications in speech recognition}},
  author={Rabiner, Lawrence R},
  journal={Proceedings of the IEEE},
  volume={77},
  number={2},
  pages={257--286},
  year={1989},
  publisher={Ieee}
}

@article{Rcpp,
   author = {Dirk Eddelbuettel and Romain Francois},
   title = {Rcpp: Seamless R and C++ Integration},
   journal = {Journal of Statistical Software, Articles},
   volume = {40},
   number = {8},
   year = {2011},
   issn = {1548-7660},
   pages = {1--18},
   doi = {10.18637/jss.v040.i08},
   url = {https://www.jstatsoft.org/v040/i08}
}

@Manual{rlang,
    title = {rlang: Functions for Base Types and Core R and 'Tidyverse' Features},
    author = {Lionel Henry and Hadley Wickham},
    year = {2019},
    note = {R package version 0.3.4},
    url = {https://CRAN.R-project.org/package=rlang},
  }

@Manual{lobstr,
    title = {lobstr: Visualize R Data Structures with Trees},
    author = {Hadley Wickham},
    year = {2018},
    note = {R package version 1.0.1},
    url = {https://CRAN.R-project.org/package=lobstr},
  }

@article{ingram2009lactose,
	title={Lactose digestion and the evolutionary genetics of lactase persistence},
	author={Ingram, Catherine JE and Mulcare, Charlotte A and Itan, Yuval and Thomas, Mark G and Swallow, Dallas M},
	journal={Human genetics},
	volume={124},
	number={6},
	pages={579--591},
	year={2009},
	publisher={Springer}
}

@article{bersaglieri2004genetic,
	title={Genetic signatures of strong recent positive selection at the lactase gene},
	author={Bersaglieri, Todd and Sabeti, Pardis C and Patterson, Nick and Vanderploeg, Trisha and Schaffner, Steve F and Drake, Jared A and Rhodes, Matthew and Reich, David E and Hirschhorn, Joel N},
	journal={The American Journal of Human Genetics},
	volume={74},
	number={6},
	pages={1111--1120},
	year={2004},
	publisher={Elsevier}
}

@article{ranciaro2014genetic,
	title={{Genetic origins of lactase persistence and the spread of pastoralism in Africa}},
	author={Ranciaro, Alessia and Campbell, Michael C and Hirbo, Jibril B and Ko, Wen-Ya and Froment, Alain and Anagnostou, Paolo and Kotze, Maritha J and Ibrahim, Muntaser and Nyambo, Thomas and Omar, Sabah A and others},
	journal={The American Journal of Human Genetics},
	volume={94},
	number={4},
	pages={496--510},
	year={2014},
	publisher={Elsevier}
}

@article{busby2017inferring,
	title={{Inferring adaptive gene-flow in recent African history}},
	author={Busby, George and Christ, Ryan and Band, Gavin and Leffler, Ellen and Le, Quang Si and Rockett, Kirk and Kwiatkowski, Dominic and Spencer, Chris},
	journal={BioRxiv},
	pages={205252},
	year={2017},
	publisher={Cold Spring Harbor Laboratory}
}

@article{10002015global,
	title={A global reference for human genetic variation},
	author={1000 Genomes Project Consortium and others},
	journal={Nature},
	volume={526},
	number={7571},
	pages={68},
	year={2015},
	publisher={Nature Publishing Group}
}

@article{sokal1958statistical,
	title={A statistical method for evaluating systematic relationships.},
	author={Sokal, Robert R},
	journal={Univ. Kansas, Sci. Bull.},
	volume={38},
	pages={1409--1438},
	year={1958}
}

@article{scheet2006fast,
	title={A fast and flexible statistical model for large-scale population genotype data: applications to inferring missing genotypes and haplotypic phase},
	author={Scheet, Paul and Stephens, Matthew},
	journal={The American Journal of Human Genetics},
	volume={78},
	number={4},
	pages={629--644},
	year={2006},
	publisher={Elsevier}
}

@article{speidel2021inferring,
	title={Inferring population histories for ancient genomes using genome-wide genealogies},
	author={Speidel, Leo and Cassidy, Lara and Davies, Robert W and Hellenthal, Garrett and Skoglund, Pontus and Myers, Simon R},
	journal={Molecular biology and evolution},
	volume={38},
	number={9},
	pages={3497--3511},
	year={2021},
	publisher={Oxford University Press}
}

@inproceedings{schone2019energy,
  title={{Energy efficiency features of the Intel Skylake-SP processor and their impact on performance}},
  author={Sch{\"o}ne, Robert and Ilsche, Thomas and Bielert, Mario and Gocht, Andreas and Hackenberg, Daniel},
  booktitle={2019 International Conference on High Performance Computing \& Simulation (HPCS)},
  pages={399--406},
  year={2019},
  editor={{IEEE}}
}
